@article{Loss98,
  title = {Quantum computation with quantum dots},
  author = {Loss, Daniel and DiVincenzo, David P.},
  journal = {Phys. Rev. A},
  volume = {57},
  issue = {1},
  pages = {120--126},
  numpages = {0},
  year = {1998},
  month = {Jan},
  publisher = {American Physical Society},
  doi = {10.1103/PhysRevA.57.120},
  url = {http://link.aps.org/doi/10.1103/PhysRevA.57.120}
}

@BOOK{Cheung,
  AUTHOR =       { N Cheung},
  TITLE =        {Reactive Ion Etching},
  PUBLISHER =    {U.C. Berkeley},
  address =      {Berkeley},
}

@BOOK{Volklein00,
  AUTHOR =       {V\"olklein, Friedemann; Zetterer, Thomas},
  TITLE =        {Einf\"uhrung in die Mikrosystemtechnik},
  PUBLISHER =    {Vieweg Verlag},
  YEAR =         {2000},
  address =      {Braunschweig/Wiesbaden},
}

@BOOK{TUIlmenau,
  AUTHOR =       {TU Ilmenau},
  TITLE =        {Fachpraktikum Mikro- und Nanotechnologiepraktikum; Versuch: Lithographie},
  PUBLISHER =    {TU Ilmenau},
  address =      {Ilmenau},
}

@BOOK{Karmasin11,
  AUTHOR =       {M. Karmasin and R. Ribing},
  TITLE =        {Die Gestalltung wissenschaftlicher Arbeiten},
  PUBLISHER =    {Facultas Verlags- und Buchhandels AG},
  YEAR =         {2011},
  address =      {Wien},
}

@BOOK{Esselborn08,
  AUTHOR =       {H. Esselborn-Krumbiegel},
  TITLE =        {Von der Idee zum Text. Eine Anleitung zum wisschenschaftlichen Schreiben},
  PUBLISHER =    {Verlag FerdinandSch\"oningh GmbH und Co. KG},
  YEAR =         {2008},
  address =      {Paderborn},
}

@BOOK{Preissner12,
  AUTHOR =       {A. Prei{\ss}ner},
  TITLE =        {Wissenschaftliches Arbeiten: Internet nutzen, Text erstellen, \"Uberblick behalten},
  PUBLISHER =    {Oldenbourg},
  YEAR =         {2012},
  address =      {M\"unchen},
}
